<?xml version="1.0" encoding="UTF-8"?><collection xmlns="http://www.loc.gov/MARC21/slim"><record><leader>00509nam--2200181-i-4500</leader><controlfield tag="001">000025040</controlfield><controlfield tag="002">20161230</controlfield><controlfield tag="005">20161230201035</controlfield><controlfield tag="008">060222s1000------------r-----000-0-eng-d</controlfield><datafield ind1=" " ind2=" " tag="040"><subfield code="a">IFIN-HH</subfield></datafield><datafield ind1=" " ind2=" " tag="080"><subfield code="a">53(075.8)</subfield></datafield><datafield ind1="1" ind2=" " tag="100"><subfield code="a">Janiszewski, Stanislaw</subfield></datafield><datafield ind1="1" ind2="0" tag="245"><subfield code="a">Fizyka. czesc ii. wydanie iii</subfield><subfield code="c">Stanislaw janiszewski, marian mazerant, eugenia rutkowska</subfield></datafield><datafield ind1=" " ind2=" " tag="260"><subfield code="a">Lodzkiego</subfield><subfield code="b">Universytetu</subfield><subfield code="c">1977</subfield></datafield><datafield ind1=" " ind2=" " tag="300"><subfield code="a">341P</subfield></datafield><datafield ind1="1" ind2=" " tag="700"><subfield code="a">Rutkowska, Eugenia</subfield></datafield><datafield ind1=" " ind2=" " tag="852"><subfield code="a">44775</subfield><subfield code="c">53</subfield></datafield><datafield ind1=" " ind2=" " tag="CAT"><subfield code="a">Sys</subfield><subfield code="c">20150324</subfield><subfield code="h">102224</subfield></datafield></record></collection>